<?xml version="1.0" encoding="UTF-8"?><collection xmlns="http://www.loc.gov/MARC21/slim"><record><leader>00454nam--2200169-i-4500</leader><controlfield tag="001">000013593</controlfield><controlfield tag="002">20161230</controlfield><controlfield tag="005">20161230201030</controlfield><controlfield tag="008">060222s1000------------r-----000-0-eng-d</controlfield><datafield ind1=" " ind2=" " tag="040"><subfield code="a">IFIN-HH</subfield></datafield><datafield ind1=" " ind2=" " tag="080"><subfield code="a">532.6:531.19</subfield></datafield><datafield ind1="1" ind2=" " tag="100"><subfield code="a">Croxton, Clive A</subfield></datafield><datafield ind1="1" ind2="0" tag="245"><subfield code="a">Statistical mechanics of the liquid surface</subfield><subfield code="c">Clive A. Croxton</subfield></datafield><datafield ind1=" " ind2=" " tag="260"><subfield code="a">New York, John Wiley &amp; Sons, 1980</subfield></datafield><datafield ind1=" " ind2=" " tag="300"><subfield code="a">XXII+345P</subfield></datafield><datafield ind1=" " ind2=" " tag="852"><subfield code="a">49023</subfield><subfield code="c">532</subfield></datafield><datafield ind1=" " ind2=" " tag="CAT"><subfield code="a">Sys</subfield><subfield code="c">20100722</subfield><subfield code="h">115444</subfield></datafield></record></collection>